<?xml version="1.0" encoding="UTF-8"?><collection xmlns="http://www.loc.gov/MARC21/slim"><record><leader>00537nam--2200169-i-4500</leader><controlfield tag="001">000010958</controlfield><controlfield tag="002">20161230</controlfield><controlfield tag="005">20161230201029</controlfield><controlfield tag="008">060222s1000------------r-----000-0-fre-d</controlfield><datafield ind1=" " ind2=" " tag="041"><subfield code="a">fre</subfield></datafield><datafield ind1=" " ind2=" " tag="080"><subfield code="a">533.92(043)</subfield></datafield><datafield ind1="1" ind2=" " tag="100"><subfield code="a">Baribaud, Michel</subfield></datafield><datafield ind1="1" ind2="0" tag="245"><subfield code="a">Penetration et traverse d`un champ magnetique traverse par un faisceau de plasma purement ionique</subfield><subfield code="b">These</subfield><subfield code="c">Michel baribaud</subfield></datafield><datafield ind1=" " ind2=" " tag="260"><subfield code="a">Grenoble</subfield><subfield code="b">Universite Scientifique Et Medicale De Grenoble</subfield><subfield code="c">1972</subfield></datafield><datafield ind1=" " ind2=" " tag="300"><subfield code="a">168 P</subfield></datafield><datafield ind1=" " ind2=" " tag="852"><subfield code="a">40437</subfield><subfield code="c">533.9</subfield></datafield><datafield ind1=" " ind2=" " tag="CAT"><subfield code="a">Sys</subfield><subfield code="c">20110114</subfield><subfield code="h">113208</subfield></datafield></record></collection>